<record><leader>00000cas a22000007a 4500</leader><controlfield tag="001">34770669</controlfield><controlfield tag="008">960522d18931uuuokudn n       0    0eng d</controlfield><datafield ind1=" " ind2=" " tag="010"><subfield code="a">sn 96087791 </subfield></datafield><datafield ind1=" " ind2=" " tag="040"><subfield code="a">OBN</subfield><subfield code="b">eng</subfield><subfield code="c">OBN</subfield><subfield code="d">OCLCQ</subfield><subfield code="d">OCLCO</subfield></datafield><datafield ind1="1" ind2=" " tag="029"><subfield code="a">AU@</subfield><subfield code="b">000025922216</subfield></datafield><datafield ind1=" " ind2=" " tag="042"><subfield code="a">msc</subfield></datafield><datafield ind1=" " ind2=" " tag="043"><subfield code="a">n-us-ok</subfield></datafield><datafield ind1="0" ind2=" " tag="130"><subfield code="a">Enid eagle (Enid, Okla. : Daily)</subfield></datafield><datafield ind1="1" ind2="0" tag="245"><subfield code="a">Enid eagle.</subfield></datafield><datafield ind1="3" ind2=" " tag="246"><subfield code="a">Enid daily eagle</subfield></datafield><datafield ind1=" " ind2=" " tag="260"><subfield code="a">Enid, Oklahoma T'y. [Okla.] :</subfield><subfield code="b">C.E. Hunter</subfield></datafield><datafield ind1=" " ind2=" " tag="300"><subfield code="a">v.</subfield></datafield><datafield ind1=" " ind2=" " tag="310"><subfield code="a">Daily (except Sun.)</subfield></datafield><datafield ind1=" " ind2=" " tag="588"><subfield code="a">Description based on: Vol. 1, no. 4 (Oct. 26, 1893).</subfield></datafield><datafield ind1=" " ind2="0" tag="651"><subfield code="a">Enid (Okla.)</subfield><subfield code="v">Newspapers.</subfield></datafield><datafield ind1=" " ind2="0" tag="651"><subfield code="a">Garfield County (Okla.)</subfield><subfield code="v">Newspapers.</subfield></datafield><datafield ind1=" " ind2="0" tag="651"><subfield code="a">Oklahoma Territory (Okla.)</subfield><subfield code="v">Newspapers.</subfield></datafield><datafield ind1=" " ind2=" " tag="752"><subfield code="a">United States</subfield><subfield code="b">Oklahoma</subfield><subfield code="c">Garfield</subfield><subfield code="d">Enid.</subfield></datafield><datafield ind1="0" ind2=" " tag="775"><subfield code="t">Enid eagle (Weekly : 1893)</subfield><subfield code="w">(DLC)sn 96087790</subfield><subfield code="w">(OCoLC)34770477</subfield></datafield></record>